@misc{thompson2009,
    author = {Alfred Thompson},
    month = {May},
    day = {27}, 
    year = {2009},
    title = {Exceptions, Data Validation and Political Correctness,}
    book = {Microsoft Developer Network Blogs},
    note = {available: \url{https://blogs.msdn.microsoft.com/alfredth/2009/05/27/exceptions-data-validation-and-political-correctness/}},
}

@inproceedings{chang2009reading,
  title={Reading tea leaves: How humans interpret topic models},
  author={Chang, Jonathan and Gerrish, Sean and Wang, Chong and Boyd-Graber, Jordan L and Blei, David M},
  booktitle={Advances in neural information processing systems},
  pages={288--296},
  year={2009}
}

@inproceedings{hindle2012naturalness,
  title={On the naturalness of software},
  author={Hindle, Abram and Barr, Earl T and Su, Zhendong and Gabel, Mark and De
  booktitle={2012 34th International Conference on Software Engineering (ICSE)},
  pages={837--847},
  year={2012},
  organization={IEEE},
}

@inproceedings{kazantseva2011linear,
  title={Linear text segmentation using affinity propagation},
  author={Kazantseva, Anna and Szpakowicz, Stan},
  booktitle={Proceedings of the Conference on Empirical Methods in Natural Language Processing},
  pages={284--293},
  year={2011},
  organization={Association for Computational Linguistics}
}

@article{misra2011text,
  title={Text segmentation: A topic modeling perspective},
  author={Misra, Hemant and Yvon, Fran{\c{c}}ois and Capp{\'e}, Olivier and Jose, Joemon},
  journal={Information Processing \& Management},
  volume={47},
  number={4},
  pages={528--544},
  year={2011},
  publisher={Elsevier}
}

@inproceedings{arnold2007stack,
  title={Stack trace analysis for large scale debugging},
  author={Arnold, Dorian C and Ahn, Dong H and De Supinski, Bronis R and Lee, Gregory L and Miller, Barton P and Schulz, Martin},
  booktitle={2007 IEEE International Parallel and Distributed Processing Symposium},
  pages={64},
  year={2007},
  organization={IEEE}
}

@inproceedings{ji2003domain,
  title={Domain-independent text segmentation using anisotropic diffusion and dynamic programming},
  author={Ji, Xiang and Zha, Hongyuan},
  booktitle={Proceedings of the 26th annual international ACM SIGIR conference on Research and development in informaion retrieval},
  pages={322--329},
  year={2003},
  organization={ACM}
}

@inproceedings{glerum2009debugging,
  title={Debugging in the (very) large: ten years of implementation and experience},
  author={Glerum, Kirk and Kinshumann, Kinshuman and Greenberg, Steve and Aul, Gabriel and Orgovan, Vince and Nichols, Greg and Grant, David and Loihle, Gretchen and Hunt, Galen},
  booktitle={Proceedings of the ACM SIGOPS 22nd symposium on Operating systems principles},
  pages={103--116},
  year={2009},
  organization={ACM}
}

@article{agrawal2018wrong,
  title={What is wrong with topic modeling? And how to fix it using search-based software engineering},
  author={Agrawal, Amritanshu and Fu, Wei and Menzies, Tim},
  journal={Information and Software Technology},
  volume={98},
  pages={74--88},
  year={2018},
  publisher={Elsevier}
}

@inproceedings{soh_noises_2015,
        author={Z. Soh and T. Drioul and P. A. Rappe and F. Khomh and Y. G. Gueheneuc and N. Habra},
        booktitle={2015 ACM/IEEE International Symposium on Empirical Software Engineering and Measurement (ESEM)},
        title={Noises in Interaction Traces Data and Their Impact on Previous Research Studies},
        year={2015},
        pages={1-10},
        doi={10.1109/ESEM.2015.7321209},
        ISSN={1949-3770},
        month={Oct},
}

@incollection{NIPS2014_5303,
    title = {Learning a Concept Hierarchy from Multi-labeled Documents},
    author = {Nguyen, Viet-An and Boyd-Graber, Jordan L and Resnik, Philip and Chang, Jonathan},
    booktitle = {Advances in Neural Information Processing Systems 27},
    editor = {Z. Ghahramani and M. Welling and C. Cortes and N. D. Lawrence and K. Q. Weinberger},
    pages = {3671--3679},
    year = {2014},
    publisher = {Curran Associates, Inc.},
    url = {http://papers.nips.cc/paper/5303-learning-a-concept-hierarchy-from-multi-labeled-documents.pdf}
}

@inproceedings{Rosen-Zvi:2004:AMA:1036843.1036902,
    author = {Rosen-Zvi, Michal and Griffiths, Thomas and Steyvers, Mark and Smyth, Padhraic},
    title = {The Author-topic Model for Authors and Documents},
    booktitle = {Proceedings of the 20th Conference on Uncertainty in Artificial Intelligence},
    series = {UAI '04},
    year = {2004},
    isbn = {0-9749039-0-6},
    location = {Banff, Canada},
    pages = {487--494},
    numpages = {8},
    url = {http://dl.acm.org/citation.cfm?id=1036843.1036902},
    acmid = {1036902},
    publisher = {AUAI Press},
    address = {Arlington, Virginia, United States},
}

@inproceedings{Wallach:2009:EMT:1553374.1553515,
    author = {Wallach, Hanna M. and Murray, Iain and Salakhutdinov, Ruslan and Mimno, David},
    title = {Evaluation Methods for Topic Models},
    booktitle = {Proceedings of the 26th Annual International Conference on Machine Learning},
    series = {ICML '09},
    year = {2009},
    isbn = {978-1-60558-516-1},
    location = {Montreal, Quebec, Canada},
    pages = {1105--1112},
    numpages = {8},
    url = {http://doi.acm.org/10.1145/1553374.1553515},
    doi = {10.1145/1553374.1553515},
    acmid = {1553515},
    publisher = {ACM},
    address = {New York, NY, USA},
}
@book{gelman2014bayesian,
    title={Bayesian data analysis},
    author={Gelman, Andrew and Carlin, John B and Stern, Hal S and Rubin, Donald B},
    volume={2},
    year={2014},
    edition={3},
    publisher={Chapman \& Hall/CRC Boca Raton, FL, USA}
}

@article {Pritchard945,
    author = {Pritchard, Jonathan K. and Stephens, Matthew and Donnelly, Peter},
    title = {Inference of Population Structure Using Multilocus Genotype Data},
    volume = {155},
    number = {2},
    pages = {945--959},
    year = {2000},
    publisher = {Genetics},
    abstract = {We describe a model-based clustering method for using multilocus
    issn = {0016-6731},
    URL = {http://www.genetics.org/content/155/2/945},
    eprint = {http://www.genetics.org/content/155/2/945.full.pdf},
    journal = {Genetics}
}

@inproceedings{Wang:2012:TEO:2339530.2339552,
    author = {Wang, Yu and Agichtein, Eugene and Benzi, Michele},
    title = {{TM-LDA}: Efficient Online Modeling of Latent Topic Transitions in Social Media},
    booktitle = {Proceedings of the 18th ACM SIGKDD International Conference on Knowledge Discovery and Data Mining},
    series = {KDD '12},
    year = {2012},
    isbn = {978-1-4503-1462-6},
    location = {Beijing, China},
    pages = {123--131},
    numpages = {9},
    url = {http://doi.acm.org/10.1145/2339530.2339552},
    doi = {10.1145/2339530.2339552},
    acmid = {2339552},
    publisher = {ACM},
    address = {New York, NY, USA},
    keywords = {mining social media data, temporal language models, topic transition modeling},
}

@INPROCEEDINGS{4408965,
    author={L. Cao and Li Fei-Fei},
    booktitle={2007 IEEE 11th International Conference on Computer Vision},
    title={Spatially Coherent Latent Topic Model for Concurrent Segmentation and Classification of Objects and Scenes},
    year={2007},
    pages={1-8},
    keywords={image classification;image representation;image segmentation;concurrent segmentation;generative models;image representation;latent dirichlet allocation;object classification;over-segmented image regions;probabilistic latent semantic analysis;salient image patches;scene classification;spatially coherent latent topic model;Computational efficiency;Computer vision;Detectors;Image recognition;Image segmentation;Layout;Linear discriminant analysis;Spatial coherence;Text analysis;Vocabulary},
    doi={10.1109/ICCV.2007.4408965},
    ISSN={1550-5499},
    month={Oct},
}

@article{purver2011topic,
    title={Topic segmentation},
    author={Purver, Matthew},
    journal={Spoken language understanding: systems for extracting semantic information from speech},
    pages={291--317},
    year={2011},
    publisher={Wiley}
}

@inproceedings{Blei:2001:TSA:383952.384021,
    author = {Blei, David M. and Moreno, Pedro J.},
    title = {Topic Segmentation with an Aspect Hidden Markov Model},
    booktitle = {Proceedings of the 24th Annual International ACM SIGIR Conference on Research and Development in Information Retrieval},
    series = {SIGIR '01},
    year = {2001},
    isbn = {1-58113-331-6},
    location = {New Orleans, Louisiana, USA},
    pages = {343--348},
    numpages = {6},
    url = {http://doi.acm.org/10.1145/383952.384021},
    doi = {10.1145/383952.384021},
    acmid = {384021},
    publisher = {ACM},
    address = {New York, NY, USA},
}

@inproceedings{Thomas:2011:MSR:1985793.1986020,
    author = {Thomas, Stephen W.},
    title = {Mining Software Repositories Using Topic Models},
    booktitle = {Proceedings of the 33rd International Conference on Software Engineering},
    series = {ICSE '11},
    year = {2011},
    isbn = {978-1-4503-0445-0},
    location = {Waikiki, Honolulu, HI, USA},
    pages = {1138--1139},
    numpages = {2},
    url = {http://doi.acm.org/10.1145/1985793.1986020},
    doi = {10.1145/1985793.1986020},
    acmid = {1986020},
    publisher = {ACM},
    address = {New York, NY, USA},
    keywords = {lda, mining software repositories, topic models},
}

@INPROCEEDINGS{7515925,
    author={X. Sun and X. Liu and B. Li and Y. Duan and H. Yang and J. Hu},
    booktitle={2016 17th IEEE/ACIS International Conference on Software Engineering, Artificial Intelligence, Networking and Parallel/Distributed Computing (SNPD)},
    title={Exploring topic models in software engineering data analysis: A survey},
    year={2016},
    pages={357-362},
    keywords={data analysis;software engineering;source code (software);SE data mining;SE tasks;feature location;regression testing;software defects prediction;software engineering data analysis;software history comprehension;source code comprehension;topic models;unstructured software engineering;Analytical models;Conferences;Data models;Object oriented modeling;Predictive models;Software;Software engineering;Software engineering;survey;topic models},
    doi={10.1109/SNPD.2016.7515925},
    month={May},
}

@inproceedings{Panichella:2013:EUT:2486788.2486857,
    author = {Panichella, Annibale and Dit, Bogdan and Oliveto, Rocco and Di Penta, Massimiliano and Poshyvanyk, Denys and De Lucia, Andrea},
    title = {How to Effectively Use Topic Models for Software Engineering Tasks? An Approach Based on Genetic Algorithms},
    booktitle = {Proceedings of the 2013 International Conference on Software Engineering},
    series = {ICSE '13},
    year = {2013},
    isbn = {978-1-4673-3076-3},
    location = {San Francisco, CA, USA},
    pages = {522--531},
    numpages = {10},
    url = {http://dl.acm.org/citation.cfm?id=2486788.2486857},
    acmid = {2486857},
    publisher = {IEEE Press},
    address = {Piscataway, NJ, USA},
}

@inproceedings{Damevski:2016:IED:2901739.2901741,
    author = {Damevski, Kostadin and Chen, Hui and Shepherd, David and Pollock, Lori},
    title = {Interactive Exploration of Developer Interaction Traces Using a Hidden Markov Model},
    booktitle = {Proceedings of the 13th International Conference on Mining Software Repositories},
    series = {MSR '16},
    year = {2016},
    isbn = {978-1-4503-4186-8},
    location = {Austin, Texas},
    pages = {126--136},
    numpages = {11},
    url = {http://doi.acm.org/10.1145/2901739.2901741},
    doi = {10.1145/2901739.2901741},
    acmid = {2901741},
    publisher = {ACM},
    address = {New York, NY, USA},
    keywords = {IDE usage data, field studies, hidden-markov model},
}


@ARTICLE{1316839,
    author={W. van der Aalst and T. Weijters and L. Maruster},
    journal={IEEE Transactions on Knowledge and Data Engineering},
    title={Workflow mining: discovering process models from event logs},
    year={2004},
    volume={16},
    number={9},
    pages={1128-1142},
    keywords={Petri nets;data mining;workflow management software;α-algorithm;Petri net;SWF-net;event logs;process models;time-consuming process;workflow design;workflow log;workflow management systems;workflow mining;Customer relationship management;Data mining;Enterprise resource planning;Isolation technology;Management information systems;Petri nets;Routing;Software systems;Technology management;Workflow management software;65;Index Terms- Workflow mining;Petri nets.;data mining;workflow management},
    doi={10.1109/TKDE.2004.47},
    ISSN={1041-4347},
    month={Sept},
}

@article{roos2015sensitivity,
    title={Sensitivity analysis for Bayesian hierarchical models},
    author={Roos, Ma{\l}gorzata and Martins, Thiago G and Held, Leonhard and Rue, H{\aa}vard and others},
    journal={Bayesian Analysis},
    volume={10},
    number={2},
    pages={321--349},
    year={2015},
    publisher={International Society for Bayesian Analysis}
}

@inproceedings{Snipes:2014:EGD:2591062.2591171,
    author = {Snipes, Will and Nair, Anil R. and Murphy-Hill, Emerson},
    title = {Experiences Gamifying Developer Adoption of Practices and Tools},
    booktitle = {Companion Proceedings of the 36th International Conference on Software Engineering},
    series = {ICSE Companion 2014},
    year = {2014},
    isbn = {978-1-4503-2768-8},
    location = {Hyderabad, India},
    pages = {105--114},
    numpages = {10},
    url = {http://doi.acm.org/10.1145/2591062.2591171},
    doi = {10.1145/2591062.2591171},
    acmid = {2591171},
    publisher = {ACM},
    address = {New York, NY, USA},
    keywords = {Code Navigation, Development, Productivity},
}

@inproceedings{Murphy-Hill:2012:ISD:2393596.2393645,
    author = {Murphy-Hill, Emerson and Jiresal, Rahul and Murphy, Gail C.},
    title = {Improving Software Developers' Fluency by Recommending Development Environment Commands},
    booktitle = {Proceedings of the ACM SIGSOFT 20th International Symposium on the Foundations of Software Engineering},
    series = {FSE '12},
    year = {2012},
    isbn = {978-1-4503-1614-9},
    location = {Cary, North Carolina},
    pages = {42:1--42:11},
    articleno = {42},
    numpages = {11},
    url = {http://doi.acm.org/10.1145/2393596.2393645},
    doi = {10.1145/2393596.2393645},
    acmid = {2393645},
    publisher = {ACM},
    address = {New York, NY, USA},
    keywords = {IDEs, commands, discovery, software developers},
}

@ARTICLE{6802355,
    author={J. Paisley and C. Wang and D. M. Blei and M. I. Jordan},
    journal={IEEE Transactions on Pattern Analysis and Machine Intelligence},
    title={Nested Hierarchical Dirichlet Processes},
    year={2015},
    volume={37},
    number={2},
    pages={256-270},
    keywords={Atomic measurements;Bayes methods;Data models;Indexes;Pattern analysis;Random variables;Stochastic processes;Bayesian nonparametrics;Dirichlet process;stochastic optimization;topic modeling},
    doi={10.1109/TPAMI.2014.2318728},
    ISSN={0162-8828},
    month={Feb},
}

@article{Blei:2010:NCR:1667053.1667056,
    author = {Blei, David M. and Griffiths, Thomas L. and Jordan, Michael I.},
    title = {The Nested Chinese Restaurant Process and Bayesian Nonparametric Inference of Topic Hierarchies},
    journal = {J. ACM},
    issue_date = {January 2010},
    volume = {57},
    number = {2},
    month = feb,
    year = {2010},
    issn = {0004-5411},
    pages = {7:1--7:30},
    articleno = {7},
    numpages = {30},
    url = {http://doi.acm.org/10.1145/1667053.1667056},
    doi = {10.1145/1667053.1667056},
    acmid = {1667056},
    publisher = {ACM},
    address = {New York, NY, USA},
    keywords = {Bayesian nonparametric statistics, unsupervised learning},
}

@inproceedings{Bettenburg:2008:MGB:1453101.1453146,
    author = {Bettenburg, Nicolas and Just, Sascha and Schr\"{o}ter, Adrian and Weiss, Cathrin and Premraj, Rahul and Zimmermann, Thomas},
    title = {What Makes a Good Bug Report?},
    booktitle = {Proceedings of the 16th ACM SIGSOFT International Symposium on Foundations of Software Engineering},
    series = {SIGSOFT '08/FSE-16},
    year = {2008},
    isbn = {978-1-59593-995-1},
    location = {Atlanta, Georgia},
    pages = {308--318},
    numpages = {11},
    url = {http://doi.acm.org/10.1145/1453101.1453146},
    doi = {10.1145/1453101.1453146},
    acmid = {1453146},
    publisher = {ACM},
    address = {New York, NY, USA},
}

@Article{Chen2016,
    author="Chen, Tse-Hsun
        and Thomas, Stephen W.
        and Hassan, Ahmed E.",
    title="A survey on the use of topic models when mining software repositories",
    journal="Empirical Software Engineering",
    year="2016",
    volume="21",
    number="5",
    pages="1843--1919",
    issn="1573-7616",
    doi="10.1007/s10664-015-9402-8",
    url="http://dx.doi.org/10.1007/s10664-015-9402-8"
}


@article{doi:10.1198/016214506000000302,
    author = {Yee Whye Teh and Michael I Jordan and Matthew J Beal and David M Blei},
    title = {Hierarchical Dirichlet Processes},
    journal = {Journal of the American Statistical Association},
    volume = {101},
    number = {476},
    pages = {1566-1581},
    year = {2006},
    doi = {10.1198/016214506000000302},
    URL = { http://dx.doi.org/10.1198/016214506000000302 },
    eprint = { http://dx.doi.org/10.1198/016214506000000302 }
}



@inproceedings{Gu:2012:RDK:2384616.2384684,
    author = {Gu, Zhongxian and Barr, Earl T. and Schleck, Drew and Su, Zhendong},
    title = {Reusing Debugging Knowledge via Trace-based Bug Search},
    booktitle = {Proceedings of the ACM International Conference on Object Oriented Programming Systems Languages and Applications},
    series = {OOPSLA '12},
    year = {2012},
    isbn = {978-1-4503-1561-6},
    location = {Tucson, Arizona, USA},
    pages = {927--942},
    numpages = {16},
    url = {http://doi.acm.org/10.1145/2384616.2384684},
    doi = {10.1145/2384616.2384684},
    acmid = {2384684},
    publisher = {ACM},
    address = {New York, NY, USA},
    keywords = {oscilloscope, reusing debugging knowledge},
}

@INPROCEEDINGS{6178863,
    author={N. Kaushik and L. Tahvildari},
    booktitle={2012 16th European Conference on Software Maintenance and Reengineering},
    title={A Comparative Study of the Performance of IR Models on Duplicate Bug Detection},
    year={2012},
    pages={159-168},
    keywords={information retrieval;program debugging;public domain software;report generators;Eclipse;Firefox;IR models;LDA;LSI;Log-Entropy based weighting scheme;bug report assignment;bug repository;bug triagers;duplicate bug detection;duplicate bug report detection automation;free-form text;open source projects;random projections;topic based models;vector space model;word-based models;Computer bugs;Entropy;Fires;Large scale integration;Software;Synchronization;Vectors;bug;duplicate;information retrieval},
    doi={10.1109/CSMR.2012.78},
    ISSN={1534-5351},
    month={March},}

@inproceedings{Dang:2012:RMC:2337223.2337364,
    author = {Dang, Yingnong and Wu, Rongxin and Zhang, Hongyu and Zhang, Dongmei and Nobel, Peter},
    title = {ReBucket: A Method for Clustering Duplicate Crash Reports Based on Call Stack Similarity},
    booktitle = {Proceedings of the 34th International Conference on Software Engineering},
    series = {ICSE '12},
    year = {2012},
    isbn = {978-1-4673-1067-3},
    location = {Zurich, Switzerland},
    pages = {1084--1093},
    numpages = {10},
    url = {http://dl.acm.org/citation.cfm?id=2337223.2337364},
    acmid = {2337364},
    publisher = {IEEE Press},
    address = {Piscataway, NJ, USA},
}

@inproceedings{Wu:2014:CLC:2610384.2610386,
    author = {Wu, Rongxin and Zhang, Hongyu and Cheung, Shing-Chi and Kim, Sunghun},
    title = {CrashLocator: Locating Crashing Faults Based on Crash Stacks},
    booktitle = {Proceedings of the 2014 International Symposium on Software Testing and Analysis},
    series = {ISSTA 2014},
    year = {2014},
    isbn = {978-1-4503-2645-2},
    location = {San Jose, CA, USA},
    pages = {204--214},
    numpages = {11},
    url = {http://doi.acm.org/10.1145/2610384.2610386},
    doi = {10.1145/2610384.2610386},
    acmid = {2610386},
    publisher = {ACM},
    address = {New York, NY, USA},
    keywords = {Crashing fault localization, crash stack, software analytics, software crash, statistical debugging},
}

@INPROCEEDINGS{6385108,
    author={S. Davies and M. Roper and M. Wood},
    booktitle={2012 19th Working Conference on Reverse Engineering},
    title={Using Bug Report Similarity to Enhance Bug Localisation},
    year={2012},
    pages={125-134},
    keywords={information retrieval;program debugging;software maintenance;source coding;bug localisation enhancement;bug report similarity;corpus;duplicate bug report detection;information retrieval;query processing;software maintenance;source code;textual similarity;Computer bugs;Documentation;Indexes;Java;Large scale integration;Maintenance engineering;Training;bug localisation;feature location;mining software repositories},
    doi={10.1109/WCRE.2012.22},
    ISSN={1095-1350},
    month={Oct},}

@INPROCEEDINGS{6080800,
    author={T. Dhaliwal and F. Khomh and Y. Zou},
    booktitle={2011 27th IEEE International Conference on Software Maintenance (ICSM)},
    title={Classifying field crash reports for fixing bugs: A case study of Mozilla Firefox},
    year={2011},
    pages={333-342},
    keywords={data analysis;program debugging;public domain software;software fault tolerance;software reliability;Mozilla firefox;automatic crash reporting;data analysis;fixing bugs;software systems;stack traces;Computer bugs;Fires;Organizations;Runtime;Servers;Software systems;Automatic crash reporting;Bug localization;Clustering},
    doi={10.1109/ICSM.2011.6080800},
    ISSN={1063-6773},
    month={Sept},}

@inproceedings{Han:2012:PDL:2337223.2337241,
    author = {Han, Shi and Dang, Yingnong and Ge, Song and Zhang, Dongmei and Xie, Tao},
    title = {Performance Debugging in the Large via Mining Millions of Stack Traces},
    booktitle = {Proceedings of the 34th International Conference on Software Engineering},
    series = {ICSE '12},
    year = {2012},
    isbn = {978-1-4673-1067-3},
    location = {Zurich, Switzerland},
    pages = {145--155},
    numpages = {11},
    url = {http://dl.acm.org/citation.cfm?id=2337223.2337241},
    acmid = {2337241},
    publisher = {IEEE Press},
    address = {Piscataway, NJ, USA},
}

@INPROCEEDINGS{5463280,
    author={A. Schroter and A. Schröter and N. Bettenburg and R. Premraj},
    booktitle={2010 7th IEEE Working Conference on Mining Software Repositories (MSR 2010)},
    title={Do stack traces help developers fix bugs?},
    year={2010},
    pages={118-121},
    keywords={program debugging;software engineering;ECLIPSE project;bug fixing;debugging;software engineering;stack traces;Collaboration;Computer bugs;Computer crashes;Documentation;Java;Needles;Open source software;Programming profession;Software debugging;Software engineering;bug tracking;collaboration;debugging;empirical study;stack traces},
    doi={10.1109/MSR.2010.5463280},
    ISSN={2160-1852},
    month={May},}

@ARTICLE{1463230,
    author={C. C. Williams and J. K. Hollingsworth},
    journal={IEEE Transactions on Software Engineering},
    title={Automatic mining of source code repositories to improve bug finding techniques},
    year={2005},
    volume={31},
    number={6},
    pages={466-480},
    keywords={Internet;application program interfaces;configuration management;data mining;file servers;program debugging;program diagnostics;program testing;public domain software;Apache Web server;Windows API;automatic mining;bug finding technique;configuration control;data retrieval;debugging aids;historical data;open-source implementation;software project;source code repository;static analysis;static source code checker;testing tools;version control;Computer bugs;Data mining;Debugging;Detectors;History;Information retrieval;Inspection;Open source software;Programming profession;Web server;Index Terms- Testing tools;configuration control;debugging aids.;version control},
    doi={10.1109/TSE.2005.63},
    ISSN={0098-5589},
    month={June},
}

@article{Yin:2010:TUB:1823844.1823849,
    author = {Yin, Zuoning and Caesar, Matthew and Zhou, Yuanyuan},
    title = {Towards Understanding Bugs in Open Source Router Software},
    journal = {SIGCOMM Comput. Commun. Rev.},
    issue_date = {July 2010},
    volume = {40},
    number = {3},
    month = jun,
    year = {2010},
    issn = {0146-4833},
    pages = {34--40},
    numpages = {7},
    url = {http://doi.acm.org/10.1145/1823844.1823849},
    doi = {10.1145/1823844.1823849},
    acmid = {1823849},
    publisher = {ACM},
    address = {New York, NY, USA},
    keywords = {internet routing, protocols, router software, software errors},
}

@article{Chou:2001:ESO:502059.502042,
    author = {Chou, Andy and Yang, Junfeng and Chelf, Benjamin and Hallem, Seth and Engler, Dawson},
    title = {An Empirical Study of Operating Systems Errors},
    journal = {SIGOPS Oper. Syst. Rev.},
    issue_date = {Dec. 2001},
    volume = {35},
    number = {5},
    month = oct,
    year = {2001},
    issn = {0163-5980},
    pages = {73--88},
    numpages = {16},
    url = {http://doi.acm.org/10.1145/502059.502042},
    doi = {10.1145/502059.502042},
    acmid = {502042},
    publisher = {ACM},
    address = {New York, NY, USA},
}

@inproceedings{Li:2006:TCE:1181309.1181314,
	author = {Li, Zhenmin and Tan, Lin and Wang, Xuanhui and Lu, Shan and Zhou, Yuanyuan and Zhai, Chengxiang},
	title = {Have Things Changed Now?: An Empirical Study of Bug Characteristics in Modern Open Source Software},
	booktitle = {Proceedings of the 1st Workshop on Architectural and System Support for Improving Software Dependability},
	series = {ASID '06},
	year = {2006},
	isbn = {1-59593-576-2},
	location = {San Jose, California},
	pages = {25--33},
	numpages = {9},
	url = {http://doi.acm.org/10.1145/1181309.1181314},
	doi = {10.1145/1181309.1181314},
	acmid = {1181314},
	publisher = {ACM},
	address = {New York, NY, USA},
	keywords = {bug characteristics, bug detection, empirical study, open source, security},
}

@article{Lu:2008:LMC:1353535.1346323,
	author = {Lu, Shan and Park, Soyeon and Seo, Eunsoo and Zhou, Yuanyuan},
	title = {Learning from Mistakes: A Comprehensive Study on Real World Concurrency Bug Characteristics},
	journal = {SIGOPS Oper. Syst. Rev.},
	issue_date = {March 2008},
	volume = {42},
	number = {2},
	month = mar,
	year = {2008},
	issn = {0163-5980},
	pages = {329--339},
	numpages = {11},
	url = {http://doi.acm.org/10.1145/1353535.1346323},
	doi = {10.1145/1353535.1346323},
	acmid = {1346323},
	publisher = {ACM},
	address = {New York, NY, USA},
	keywords = {bug characteristics, concurrency bug, concurrent program},
}

@ARTICLE{Damevski_Mining_2017,
  author={Kostadin Damevski and David C. Shepherd and Johannes Schneider and Lori Pollock},
  journal={IEEE Transactions on Software Engineering},
  title={Mining Sequences of Developer Interactions in Visual Studio for Usage Smells},
  year={2017},
  volume={43},
  number={4},
  pages={359-371},
  doi={10.1109/TSE.2016.2592905},
  ISSN={0098-5589},
  month={April},
}

@ARTICLE{Damevski_Predicting_2017,
    author={Kostadin Damevski and Hui Chen and David C. Shepherd and Nicholas A. Kraft and Lori Pollock},
    journal={IEEE Transactions on Software Engineering},
    title={Predicting Future Developer Behavior in the {IDE} Using Topic Models},
    year={2018},
    volume={44},
    number={11},
    pages={1100-1111},
    keywords={program debugging;recommender systems;software engineering;future developer behavior;early software command recommender systems;negative user reaction;unusually complex applications;command recommendations;recommendation generation;user experience;command recommenders;future task context;debug OR;future development commands;software development interaction data;predicting future IDE commands;empirically-interpretable observations;Natural languages;Data models;Analytical models;Predictive models;Visualization;Adaptation models;Data analysis;Command recommendation systems;IDE interaction data},
    doi={10.1109/TSE.2017.2748134},
    ISSN={0098-5589},
    month={Nov},
}

@article{blei2003latent,
  title={Latent dirichlet allocation},
  author={Blei, David M and Ng, Andrew Y and Jordan, Michael I},
  journal={Journal of machine Learning research},
  volume={3},
  number={Jan},
  pages={993--1022},
  year={2003}
}
